@article{tseng2004-flowshop-models,
  title={An empirical analysis of integer programming formulations for the permutation flowshop},
  author={Tseng, Fan T and Stafford Jr, Edward F and Gupta, Jatinder ND},
  journal={Omega},
  volume={32},
  number={4},
  pages={285--293},
  year={2004},
  publisher={Elsevier}
}

